@misc{garment3dgen,
      title={Garment3DGen: 3D Garment Stylization and Texture Generation}, 
      author={Nikolaos Sarafianos and Tuur Stuyck and Xiaoyu Xiang and Yilei Li and Jovan Popovic and Rakesh Ranjan},
      year={2025},
      eprint={2403.18816},
      archivePrefix={arXiv},
      primaryClass={cs.CV},
      url={https://arxiv.org/abs/2403.18816}, 
}
@misc{deepiron,
      title={DeepIron: Predicting Unwarped Garment Texture from a Single Image}, 
      author={Hyun-Song Kwon and Sung-Hee Lee},
      year={2023},
      eprint={2310.15447},
      archivePrefix={arXiv},
      primaryClass={cs.GR},
      url={https://arxiv.org/abs/2310.15447}, 
}
@misc{WordRobe,
      title={WordRobe: Text-Guided Generation of Textured 3D Garments}, 
      author={Astitva Srivastava and Pranav Manu and Amit Raj and Varun Jampani and Avinash Sharma},
      year={2024},
      eprint={2403.17541},
      archivePrefix={arXiv},
      primaryClass={cs.CV},
      url={https://arxiv.org/abs/2403.17541}, 
}
@inproceedings{fabricdiffusion,
    title     = {{FabricDiffusion}: High-Fidelity Texture Transfer for 3D Garments Generation from In-The-Wild Images},
    author    = {Zhang, Cheng and Wang, Yuanhao and Vicente Carrasco, Francisco and Wu, Chenglei and Yang, Jinlong and Beeler, Thabo and De la Torre, Fernando},
    booktitle = {ACM SIGGRAPH Asia},
    year      = {2024},
}